<record><leader>00000cas a22000007a 4500</leader><controlfield tag="001">12070748</controlfield><controlfield tag="008">850523d19511955wiuwr ne      0    0eng d</controlfield><datafield ind1=" " ind2=" " tag="010"><subfield code="a">sn 85040630 </subfield></datafield><datafield ind1=" " ind2=" " tag="040"><subfield code="a">NPV</subfield><subfield code="b">eng</subfield><subfield code="c">NPV</subfield><subfield code="d">OCLCQ</subfield></datafield><datafield ind1=" " ind2=" " tag="042"><subfield code="a">msc</subfield></datafield><datafield ind1=" " ind2=" " tag="045"><subfield code="a">x5x5</subfield></datafield><datafield ind1=" " ind2=" " tag="052"><subfield code="a">4123</subfield><subfield code="b">B9</subfield></datafield><datafield ind1="0" ind2="4" tag="245"><subfield code="a">The Journal of Burnett County and the times and Burnett County enterprise.</subfield></datafield><datafield ind1="1" ind2="7" tag="246"><subfield code="a">Journal of Burnett County</subfield></datafield><datafield ind1=" " ind2=" " tag="260"><subfield code="a">Grantsburg, Wis. :</subfield><subfield code="b">Journal Pub.,</subfield><subfield code="c">1951-1955.</subfield></datafield><datafield ind1=" " ind2=" " tag="300"><subfield code="a">4 v. :</subfield><subfield code="b">ill.</subfield></datafield><datafield ind1=" " ind2=" " tag="310"><subfield code="a">Weekly</subfield></datafield><datafield ind1="0" ind2=" " tag="362"><subfield code="a">Vol. 57, no. 5 (Sept. 13, 1951)-v. 60, no. 42, (June 9, 1955) = whole no. 5609-whole no. 5803.</subfield></datafield><datafield ind1=" " ind2=" " tag="500"><subfield code="a">Editor: D.E. Carlsen, M. Crownhart, Jr., Sept. 1951-July 1952.--M. Crownhart, Jr., Aug. 1952-June 1955.</subfield></datafield><datafield ind1=" " ind2=" " tag="530"><subfield code="a">Available on microfilm from The State Historical Society of Wisconsin.</subfield></datafield><datafield ind1=" " ind2=" " tag="752"><subfield code="a">United States</subfield><subfield code="b">Wisconsin</subfield><subfield code="c">Burnett</subfield><subfield code="d">Grantsburg.</subfield></datafield><datafield ind1="0" ind2="4" tag="780"><subfield code="t">Journal of Burnett County and the times</subfield><subfield code="w">(DLC)sn 85040629</subfield></datafield><datafield ind1="0" ind2="4" tag="780"><subfield code="t">Burnett County enterprise</subfield><subfield code="w">(DLC)sn 85040776</subfield></datafield><datafield ind1="0" ind2="0" tag="785"><subfield code="t">Journal of Burnett County (Grantsburg, Wis. : 1955)</subfield><subfield code="w">(DLC)sn 85040631</subfield></datafield></record>